<collection xmlns="http://www.loc.gov/MARC21/slim">
<record>
  <leader>01365nam0a2200277 i 450 </leader>
  <controlfield tag="001">IT\ICCU\CNCE\013587</controlfield>
  <controlfield tag="005">19990803000000.0</controlfield>
  <datafield tag="012" ind1=" " ind2=" ">
    <subfield code="a">i-or amn- u.o. bequ (3) 1518 (R)</subfield>
    <subfield code="2">fei</subfield>
  </datafield>
  <datafield tag="100" ind1=" " ind2=" ">
    <subfield code="a">19970101d1518        0itac0103    ba</subfield>
  </datafield>
  <datafield tag="101" ind1=" " ind2=" ">
    <subfield code="a">LAT</subfield>
  </datafield>
  <datafield tag="102" ind1=" " ind2=" ">
    <subfield code="a">IT</subfield>
  </datafield>
  <datafield tag="200" ind1="1" ind2=" ">
    <subfield code="a">Fertilis tractatus feudalis nouiter editus per Francischinum Curtium</subfield>
  </datafield>
  <datafield tag="210" ind1=" " ind2=" ">
    <subfield code="a">In oppido Tridini</subfield>
    <subfield code="c">impensis Ioannis de Ferrarijs alias de Iolitis</subfield>
    <subfield code="d">ac Girardi de Zeijs</subfield>
    <subfield code="d">1518 die XXVI mensis Februarij</subfield>
  </datafield>
  <datafield tag="215" ind1=" " ind2=" ">
    <subfield code="a">LXXXVII, \9! c.</subfield>
    <subfield code="d">fol</subfield>
  </datafield>
  <datafield tag="620" ind1=" " ind2=" ">
    <subfield code="a">IT</subfield>
    <subfield code="d">Trino</subfield>
  </datafield>
  <datafield tag="700" ind1=" " ind2="1">
    <subfield code="a">Corti,</subfield>
    <subfield code="b">Franceschino</subfield>
    <subfield code="3">IT\ICCU\CNCA\003530</subfield>
  </datafield>
  <datafield tag="712" ind1="0" ind2="0">
    <subfield code="a">Giolito De Ferrari, Giovanni &lt;1.&gt; &amp; Zeglio, Gerardo</subfield>
    <subfield code="3">IT\ICCU\CNCT\000085</subfield>
    <subfield code="4">650</subfield>
  </datafield>
  <datafield tag="790" ind1=" " ind2="1">
    <subfield code="a">Curtius,</subfield>
    <subfield code="b">Francischinus</subfield>
    <subfield code="3">IT\ICCU\CNCA\013912</subfield>
    <subfield code="z">Corti, Franceschino</subfield>
  </datafield>
  <datafield tag="790" ind1=" " ind2="1">
    <subfield code="a">Corte,</subfield>
    <subfield code="b">Franceschino</subfield>
    <subfield code="3">IT\ICCU\CNCA\018552</subfield>
    <subfield code="z">Corti, Franceschino</subfield>
  </datafield>
  <datafield tag="790" ind1=" " ind2="1">
    <subfield code="a">Curtius,</subfield>
    <subfield code="b">Franciscus</subfield>
    <subfield code="c"> &lt;il giovane&gt;</subfield>
    <subfield code="3">IT\ICCU\CNCA\018553</subfield>
    <subfield code="z">Corti, Franceschino</subfield>
  </datafield>
  <datafield tag="791" ind1="0" ind2="0">
    <subfield code="a">Zeglio, Gerardo</subfield>
    <subfield code="3">IT\ICCU\CNCT\000086</subfield>
    <subfield code="z">Giolito De Ferrari, Giovanni &lt;1.&gt; &amp; Zeglio, Gerardo</subfield>
  </datafield>
  <datafield tag="801" ind1=" " ind2="3">
    <subfield code="a">IT</subfield>
    <subfield code="b">ICCU</subfield>
    <subfield code="c">20201114</subfield>
  </datafield>
  <datafield tag="899" ind1=" " ind2=" ">
    <subfield code="a">Biblioteca del Seminario vescovile. Casale Monferrato</subfield>
    <subfield code="1">AL0024</subfield>
    <subfield code="2">TO0 L2</subfield>
  </datafield>
  <datafield tag="899" ind1=" " ind2=" ">
    <subfield code="a">Biblioteca civica Francesco Corradi. Sanremo</subfield>
    <subfield code="1">IM0034</subfield>
    <subfield code="2">LI3 BC</subfield>
  </datafield>
  <datafield tag="899" ind1=" " ind2=" ">
    <subfield code="a">Biblioteca comunale Augusta. Perugia</subfield>
    <subfield code="1">PG0109</subfield>
    <subfield code="2">UM1 01</subfield>
  </datafield>
  <datafield tag="899" ind1=" " ind2=" ">
    <subfield code="a">Biblioteca civica A. Hortis. Trieste</subfield>
    <subfield code="1">TS0013</subfield>
    <subfield code="2">TSA BC</subfield>
  </datafield>
</record>
</collection>
